
@book{AIforGamesTactical,
	author = {Ian Mellington},
	title = {AI for Games},
	date = {18.12.2020},
	day = {18},
	month = {December},
	year = {2020},
	edition = {Third Edition},
	pages = {485-568},
	pagetotal = {1030}
}

@book{10.5555/2821138,
	author = {Rabin, Steven},
	title = {Game AI Pro 2: Collected Wisdom of Game AI Professionals},
	year = {2015},
	isbn = {1482254794},
	publisher = {A. K. Peters, Ltd.},
	address = {USA},
	abstract = {Game AI Pro2: Collected Wisdom of Game AI Professionals presents cutting-edge tips, tricks, and techniques for artificial intelligence (AI) in games, drawn from developers of shipped commercial games as well as some of the best-known academics in the field. It contains knowledge, advice, hard-earned wisdom, and insights gathered from across the community of developers and researchers who have devoted themselves to game AI. In this book, 47 expert developers and researchers have come together to bring you their newest advances in game AI, along with twists on proven techniques that have shipped in some of the most successful commercial games of the last few years. The book provides a toolbox of proven techniques that can be applied to many common and not-so-common situations. It is written to be accessible to a broad range of readers. Beginners will find good general coverage of game AI techniques and a number of comprehensive overviews, while intermediate to expert professional game developers will find focused, deeply technical chapters on specific topics of interest to them. Covers a wide range of AI in games, with topics applicable to almost any game Touches on most, if not all, of the topics necessary to get started in game AI Provides real-life case studies of game AI in published commercial games Gives in-depth, technical solutions from some of the industrys best-known games Includes downloadable demos and/or source code, available at http://www.gameaipro.com}
}

@misc{gameDevInfluenceMap,
	author = {Alex J. Champandard},
	editor = {Gaiiden},
	title = {The Core Mechanics of Influence Mapping},
	day = {26},
	month = {April},
	year = {2021},
	url = {https://www.gamedev.net/tutorials/programming/artificial-intelligence/the-core-mechanics-of-influence-mapping-r2799/}
}

@misc{boxblur,
	author = {Handwiki},
	month = {December},
	publisher = {Handwiki},
	title = {Box blur},
	url = {https://handwiki.org/wiki/Box_blur},
	urldate = {2021-05-17},
	year = {2021},
	organization = {https://handwiki.org}
}